@article{yang2007paml,
  title={PAML 4: phylogenetic analysis by maximum likelihood},
  author={Yang, Ziheng},
  journal={Molecular biology and evolution},
  volume={24},
  number={8},
  pages={1586--1591},
  year={2007},
  publisher={Oxford University Press}
}

@article{yang2002codon,
  title={Codon-substitution models for detecting molecular adaptation at individual sites along specific lineages},
  author={Yang, Ziheng and Nielsen, Rasmus},
  journal={Molecular biology and evolution},
  volume={19},
  number={6},
  pages={908--917},
  year={2002},
  publisher={Oxford University Press}
}

@article{maldonado2016lmap,
  title={LMAP: lightweight multigene analyses in PAML},
  author={Maldonado, Emanuel and Almeida, Daniela and Escalona, Tibisay and Khan, Imran and Vasconcelos, Vitor and Antunes, Agostinho},
  journal={BMC bioinformatics},
  volume={17},
  number={1},
  pages={1--11},
  year={2016},
  publisher={BioMed Central}
}

@manual{yang2020paml,
author = {Yang, Ziheng},
title = {PAML: Phylogenetic Analysis by Maximum Likelihood},
year = {2020},
version = {4.9j},
organization = {University College London},
pagetotal = {66},
}

@inproceedings{moretti2012gcodeml,
  title={gcodeml: a Grid-enabled tool for detecting positive selection in biological evolution.},
  author={Moretti, S{\'e}bastien and Murri, Riccardo and Maffioletti, Sergio and Kuzniar, Arnold and Castella, Bris{\'e}{\"\i}s and Salamin, Nicolas and Robinson-Rechavi, Marc and Stockinger, Heinz},
  booktitle={HealthGrid},
  pages={59--68},
  year={2012}
}

@article{valle2014optimization,
  title={Optimization strategies for fast detection of positive selection on phylogenetic trees},
  author={Valle, Mario and Schabauer, Hannes and Pacher, Christoph and Stockinger, Heinz and Stamatakis, Alexandros and Robinson-Rechavi, Marc and Salamin, Nicolas},
  journal={Bioinformatics},
  volume={30},
  number={8},
  pages={1129--1137},
  year={2014},
  publisher={Oxford University Press}
}

@inproceedings{schabauer2012slimcodeml,
  title={SlimCodeML: an optimized version of CodeML for the branch-site model},
  author={Schabauer, Hannes and Valle, Mario and Pacher, Christoph and Stockinger, Heinz and Stamatakis, Alexandros and Robinson-Rechavi, Marc and Yang, Ziheng and Salamin, Nicolas},
  booktitle={2012 IEEE 26th International Parallel and Distributed Processing Symposium Workshops \& PhD Forum},
  pages={706--714},
  year={2012},
  organization={IEEE}
}

@inproceedings{stockinger2009swiss,
  title={The Swiss National Grid Association and its Experience on a National Grid Infrastructure},
  author={Stockinger, Heinz and Abdennadher, Nabil and Flanders, Dean and Flury, Placi and Haug, Sigve and Kuonen, Pierre and Lelli, Francesco and Maffioletti, Sergio and Usai, Alessandro and Witzig, Christoph},
  booktitle={Austrian Grid Symposium},
  year={2009},
  organization={Citeseer}
}

@incollection{weidendorfer2008sequential,
  title={Sequential performance analysis with callgrind and kcachegrind},
  author={Weidendorfer, Josef},
  booktitle={Tools for High Performance Computing},
  pages={93--113},
  year={2008},
  publisher={Springer}
}

@book{wolfe1978numerical,
  title={Numerical methods for unconstrained optimization: an introduction},
  author={Wolfe, Michael Anthony},
  year={1978},
  publisher={Van Nostrand Reinhold}
}

@book{chandra2001parallel,
  title={Parallel programming in OpenMP},
  author={Chandra, Rohit and Dagum, Leo and Kohr, David and Menon, Ramesh and Maydan, Dror and McDonald, Jeff},
  year={2001},
  publisher={Morgan kaufmann}
}

@article{fei2014parallel,
  title={Parallel L-BFGS-B algorithm on gpu},
  author={Fei, Yun and Rong, Guodong and Wang, Bin and Wang, Wenping},
  journal={Computers \& graphics},
  volume={40},
  pages={1--9},
  year={2014},
  publisher={Elsevier}
}

@article{li2009sequence,
  title={The sequence alignment/map format and SAMtools},
  author={Li, Heng and Handsaker, Bob and Wysoker, Alec and Fennell, Tim and Ruan, Jue and Homer, Nils and Marth, Gabor and Abecasis, Goncalo and Durbin, Richard},
  journal={Bioinformatics},
  volume={25},
  number={16},
  pages={2078--2079},
  year={2009},
  publisher={Oxford University Press}
}

@article{danecek2021twelve,
  title={Twelve years of SAMtools and BCFtools},
  author={Danecek, Petr and Bonfield, James K and Liddle, Jennifer and Marshall, John and Ohan, Valeriu and Pollard, Martin O and Whitwham, Andrew and Keane, Thomas and McCarthy, Shane A and Davies, Robert M and others},
  journal={Gigascience},
  volume={10},
  number={2},
  pages={giab008},
  year={2021},
  publisher={Oxford University Press}
}

@article{via20101000,
  title={The 1000 Genomes Project: new opportunities for research and social challenges},
  author={Via, Marc and Gignoux, Christopher and Burchard, Esteban Gonz{\'a}lez},
  journal={Genome medicine},
  volume={2},
  number={1},
  pages={1--3},
  year={2010},
  publisher={BioMed Central}
}
